@techreport{GDELT2015,
author = {GDELT},
institution = {GDELT PROJECT},
title = {{The GDELT event database data format codebook v2.0}},
url = {http://data.gdeltproject.org/documentation/GDELT-Event{\_}Codebook-V2.0.pdf},
year = {2015}
}
@misc{GDELT2020,
author = {GDELT},
title = {{Our global world in realtime}},
url = {http://blog.gdeltproject.org/gdelt-2-0-our-global-world-in-realtime/},
urldate = {July 6, 2020},
year = {2020}
}
@misc{GDELTCSVLIST,
	author = {GDELT},
	title = {{GDELT Master CSV list}},
	url = {http://data.gdeltproject.org/gdeltv2/masterfilelist.txt},
	urldate = {September 3, 2020},
	year = {2020}
}
@misc{GDELTBIGQUERY,
	author = {GDELT},
	title = {{GDELT Big Query Interface}},
	url = {},
	urldate = {September 3, 2020},
	year = {2020}
}
@misc{BIGQUERYPRICE,
	author = {Google},
	title = {{Big Query Pricing}},
	url = {https://cloud.google.com/bigquery/pricing},
	urldate = {September 3, 2020},
	year = {2020}
}

